@article{abbasi2019all, title={All-optical reflection-mode microscopic histology of unstained human tissues}, author={Abbasi, Saad and Le, Martin and Sonier, Bazil and Dinakaran, Deepak and Bigras, Gilbert and Bell, Kevan and Mackey, John R and Haji Reza, Parsin}, journal={Scientific reports}, volume={9}, number={1}, pages={1--11}, year={2019}, publisher={Nature Publishing Group}}
@article{abels2019computational, title={Computational pathology definitions, best practices, and recommendations for regulatory guidance: a white paper from the Digital Pathology Association}, author={Abels, Esther and Pantanowitz, Liron and Aeffner, Famke and Zarella, Mark D and van der Laak, Jeroen and Bui, Marilyn M and Vemuri, Venkata NP and Parwani, Anil V and Gibbs, Jeff and Agosto-Arroyo, Emmanuel and others}, journal={The Journal of pathology}, volume={249}, number={3}, pages={286--294}, year={2019}, publisher={Wiley Online Library}}
@article{allan2012omero, title={OMERO: flexible, model-driven data management for experimental biology}, author={Allan, Chris and Burel, Jean-Marie and Moore, Josh and Blackburn, Colin and Linkert, Melissa and Loynton, Scott and MacDonald, Donald and Moore, William J and Neves, Carlos and Patterson, Andrew and others}, journal={Nature methods}, volume={9}, number={3}, pages={245--253}, year={2012}, publisher={Nature Publishing Group}}
@article{amgad2019structured, title={Structured crowdsourcing enables convolutional segmentation of histology images}, author={Amgad, Mohamed and Elfandy, Habiba and Hussein, Hagar and Atteya, Lamees A and Elsebaie, Mai AT and Abo Elnasr, Lamia S and Sakr, Rokia A and Salem, Hazem SE and Ismail, Ahmed F and Saad, Anas M and others}, journal={Bioinformatics}, volume={35}, number={18}, pages={3461--3467}, year={2019}, publisher={Oxford University Press}}
@article{amgad2021nucls, title={Nucls: A scalable crowdsourcing, deep learning approach and dataset for nucleus classification, localization and segmentation}, author={Amgad, Mohamed and Atteya, Lamees A and Hussein, Hagar and Mohammed, Kareem Hosny and Hafiz, Ehab and Elsebaie, Maha AT and Alhusseiny, Ahmed M and AlMoslemany, Mohamed Atef and Elmatboly, Abdelmagid M and Pappalardo, Philip A and others}, journal={arXiv preprint arXiv:2102.09099}, year={2021}}
@article{aresta2019bach, title={Bach: Grand challenge on breast cancer histology images}, author={Aresta, Guilherme and Ara{\'u}jo, Teresa and Kwok, Scotty and Chennamsetty, Sai Saketh and Safwan, Mohammed and Alex, Varghese and Marami, Bahram and Prastawa, Marcel and Chan, Monica and Donovan, Michael and others}, journal={Medical image analysis}, volume={56}, pages={122--139}, year={2019}, publisher={Elsevier} }
@article{arvaniti2018coupling, title={Coupling weak and strong supervision for classification of prostate cancer histopathology images}, author={Arvaniti, Eirini and Claassen, Manfred}, journal={arXiv preprint arXiv:1811.07013}, year={2018} }
@article{aubreville2021mitosis, title={Mitosis domain generalization challenge}, author={Aubreville, Marc and Bertram, Christof and Veta, Mitko and Klopfleisch, Robert and Stathonikos, Nikolas and Breininger, Katharina and ter Hoeve, Natalie and Ciompi, Francesco and Maier, Andreas}, journal={Zenodo, doi}, volume={10}, pages={5281}, year={2021}}
@article{automated-histology-signal-proc-2014, author={McCann, MT. and Castro, C. and Ozolek, JA. and Parvin, B. and Kovacevic, J.}, title={Automated histology analysis: opportunities for signal processing }, journal={IEEE Signal Processing}, year=2014} 
@article{bandi2018detection, title={From detection of individual metastases to classification of lymph node status at the patient level: the CAMELYON17 challenge}, author={Bandi, Peter and Geessink, Oscar and Manson, Quirine and Van Dijk, Marcory and Balkenhol, Maschenka and Hermsen, Meyke and Bejnordi, Babak Ehteshami and Lee, Byungjae and Paeng, Kyunghyun and Zhong, Aoxiao and others}, journal={IEEE transactions on medical imaging}, volume={38}, number={2}, pages={550--560}, year={2018}, publisher={IEEE} }
@article{bankhead2017qupath, title={QuPath: Open source software for digital pathology image analysis}, author={Bankhead, Peter and Loughrey, Maurice B and Fern{\'a}ndez, Jos{\'e} A and Dombrowski, Yvonne and McArt, Darragh G and Dunne, Philip D and McQuaid, Stephen and Gray, Ronan T and Murray, Liam J and Coleman, Helen G and others}, journal={Scientific reports}, volume={7}, number={1}, pages={1--7}, year={2017}, publisher={Nature Publishing Group}}
@article{bejnordi2017diagnostic, title={Diagnostic assessment of deep learning algorithms for detection of lymph node metastases in women with breast cancer}, author={Bejnordi, Babak Ehteshami and Veta, Mitko and Van Diest, Paul Johannes and Van Ginneken, Bram and Karssemeijer, Nico and Litjens, Geert and Van Der Laak, Jeroen AWM and Hermsen, Meyke and Manson, Quirine F and Balkenhol, Maschenka and others}, journal={Jama}, volume={318}, number={22}, pages={2199--2210}, year={2017}, publisher={American Medical Association} }
@article{belkin2019reconciling, title={Reconciling modern machine-learning practice and the classical bias--variance trade-off}, author={Belkin, Mikhail and Hsu, Daniel and Ma, Siyuan and Mandal, Soumik}, journal={Proceedings of the National Academy of Sciences}, volume={116}, number={32}, pages={15849--15854}, year={2019}, publisher={National Acad Sciences}}
@article{berg2019, title = {ilastik: interactive machine learning for (bio)image analysis}, issn = {1548-7105}, url = {https://doi.org/10.1038/s41592-019-0582-9}, doi = {10.1038/s41592-019-0582-9}, abstract = {We present ilastik, an easy-to-use interactive tool that brings machine-learning-based (bio)image analysis to end users without substantial computational expertise. It contains pre-defined workflows for image segmentation, object classification, counting and tracking. Users adapt the workflows to the problem at hand by interactively providing sparse training annotations for a nonlinear classifier. ilastik can process data in up to five dimensions (3D, time and number of channels). Its computational back end runs operations on-demand wherever possible, allowing for interactive prediction on data larger than RAM. Once the classifiers are trained, ilastik workflows can be applied to new data from the command line without further user interaction. We describe all ilastik workflows in detail, including three case studies and a discussion on the expected performance.}, journal = {Nature Methods}, author = {Berg, Stuart and Kutra, Dominik and Kroeger, Thorben and Straehle, Christoph N. and Kausler, Bernhard X. and Haubold, Carsten and Schiegg, Martin and Ales, Janez and Beier, Thorsten and Rudy, Markus and Eren, Kemal and Cervantes, Jaime I. and Xu, Buote and Beuttenmueller, Fynn and Wolny, Adrian and Zhang, Chong and Koethe, Ullrich and Hamprecht, Fred A. and Kreshuk, Anna}, month = sep, year = {2019}}
@article{bottou201113, title={13 the tradeoffs of large-scale learning}, author={Bottou, L{\'e}on and Bousquet, Olivier}, journal={Optimization for machine learning}, pages={351}, year={2011}, publisher={MIT Press}}
@article{bozinovski2020reminder, title={Reminder of the First Paper on Transfer Learning in Neural Networks, 1976}, author={Stevo Bozinovski}, journal={Informatica (Slovenia)}, year={2020}, volume={44}}
@article{breiman2001random, title={Random forests}, author={Breiman, Leo}, journal={Machine learning}, volume={45}, number={1}, pages={5--32}, year={2001}, publisher={Springer}}
@article{campanella2018terabyte, title={Terabyte-scale deep multiple instance learning for classification and localization in pathology}, author={Campanella, Gabriele and Silva, Vitor Werneck Krauss and Fuchs, Thomas J}, journal={arXiv preprint arXiv:1805.06983}, year={2018} }
@article{caruana1997multitask, title={Multitask learning}, author={Caruana, Rich}, journal={Machine learning}, volume={28}, number={1}, pages={41--75}, year={1997}, publisher={Springer} }
@article{chai2020human, title={Human-in-the-loop Techniques in Machine Learning}, author={Chai, Chengliang and Li, Guoliang}, journal={Data Engineering}, volume={37}, pages={16}, year={2020}}
@article{cheng2020evaluating, title={Evaluating whole-slide imaging viewers used in digital pathology}, author={Cheng, Wei-Chung and Lam, Samuel and Gong, Qi and Lemaillet, Paul}, journal={Electronic Imaging}, volume={2020}, number={9}, pages={372--1}, year={2020}, publisher={Society for Imaging Science and Technology}}
@article{ching2018opportunities, title={Opportunities and obstacles for deep learning in biology and medicine}, author={Ching, Travers and Himmelstein, Daniel S and Beaulieu-Jones, Brett K and Kalinin, Alexandr A and Do, Brian T and Way, Gregory P and Ferrero, Enrico and Agapow, Paul-Michael and Zietz, Michael and Hoffman, Michael M and others}, journal={Journal of The Royal Society Interface}, volume={15}, number={141}, pages={20170387}, year={2018}, publisher={The Royal Society}}
@article{ciompi2015automatic, title={Automatic classification of pulmonary peri-fissural nodules in computed tomography using an ensemble of 2D views and a convolutional neural network out-of-the-box}, author={Ciompi, Francesco and de Hoop, Bartjan and van Riel, Sarah J and Chung, Kaman and Scholten, Ernst Th and Oudkerk, Matthijs and de Jong, Pim A and Prokop, Mathias and van Ginneken, Bram}, journal={Medical image analysis}, volume={26}, number={1}, pages={195--202}, year={2015}, publisher={Elsevier} }
@article{ciompi2021editorial, title={Editorial Computational Pathology}, author={Ciompi, Francesco and Veta, Mitko and van der Laak, Jeroen and Rajpoot, Nasir}, journal={IEEE Journal of Biomedical and Health Informatics}, volume={25}, number={2}, pages={303--306}, year={2021}, publisher={IEEE}}
@article{dosovitskiy2020image, title={An image is worth 16x16 words: Transformers for image recognition at scale}, author={Dosovitskiy, Alexey and Beyer, Lucas and Kolesnikov, Alexander and Weissenborn, Dirk and Zhai, Xiaohua and Unterthiner, Thomas and Dehghani, Mostafa and Minderer, Matthias and Heigold, Georg and Gelly, Sylvain and others}, journal={arXiv preprint arXiv:2010.11929}, year={2020}}
@article{esteva2017dermatologist, title={Dermatologist-level classification of skin cancer with deep neural networks}, author={Esteva, Andre and Kuprel, Brett and Novoa, Roberto A and Ko, Justin and Swetter, Susan M and Blau, Helen M and Thrun, Sebastian}, journal={Nature}, volume={542}, number={7639}, pages={115}, year={2017}, publisher={Nature Publishing Group} }
@article{fan2008liblinear, title={LIBLINEAR: A library for large linear classification}, author={Fan, Rong-En and Chang, Kai-Wei and Hsieh, Cho-Jui and Wang, Xiang-Rui and Lin, Chih-Jen}, journal={Journal of machine learning research}, volume={9}, number={Aug}, pages={1871--1874}, year={2008} }
@article{fan2020inf, title={Inf-net: Automatic covid-19 lung infection segmentation from ct images}, author={Fan, Deng-Ping and Zhou, Tao and Ji, Ge-Peng and Zhou, Yi and Chen, Geng and Fu, Huazhu and Shen, Jianbing and Shao, Ling}, journal={IEEE Transactions on Medical Imaging}, volume={39}, number={8}, pages={2626--2637}, year={2020}, publisher={IEEE}}
@article{french1999catastrophic, title={Catastrophic forgetting in connectionist networks}, author={French, Robert M}, journal={Trends in cognitive sciences}, volume={3}, number={4}, pages={128--135}, year={1999}, publisher={Elsevier} }
@article{geman1992neural, title={Neural networks and the bias/variance dilemma}, author={Geman, Stuart and Bienenstock, Elie and Doursat, Ren{\'e}}, journal={Neural computation}, volume={4}, number={1}, pages={1--58}, year={1992}, publisher={MIT Press One Rogers Street, Cambridge, MA 02142-1209, USA journals-info~…}}
@article{geurts2006extremely, title={Extremely randomized trees}, author={Geurts, Pierre and Ernst, Damien and Wehenkel, Louis}, journal={Machine learning}, volume={63}, number={1}, pages={3--42}, year={2006}, publisher={Springer} }
@article{gholamalinezhad2020pooling, title={Pooling Methods in Deep Neural Networks, a Review}, author={Gholamalinezhad, Hossein and Khosravi, Hossein}, journal={arXiv preprint arXiv:2009.07485}, year={2020}}
@article{graham2019hover, title={Hover-net: Simultaneous segmentation and classification of nuclei in multi-tissue histology images}, author={Graham, Simon and Vu, Quoc Dang and Raza, Shan E Ahmed and Azam, Ayesha and Tsang, Yee Wah and Kwak, Jin Tae and Rajpoot, Nasir}, journal={Medical Image Analysis}, volume={58}, pages={101563}, year={2019}, publisher={Elsevier}}
@article{graham2019mild, title={MILD-Net: Minimal information loss dilated network for gland instance segmentation in colon histology images}, author={Graham, Simon and Chen, Hao and Gamper, Jevgenij and Dou, Qi and Heng, Pheng-Ann and Snead, David and Tsang, Yee Wah and Rajpoot, Nasir}, journal={Medical image analysis}, volume={52}, pages={199--211}, year={2019}, publisher={Elsevier}}
@article{graham2021conic, title={CoNIC: Colon Nuclei Identification and Counting Challenge 2022}, author={Graham, Simon and Jahanifar, Mostafa and Vu, Quoc Dang and Hadjigeorghiou, Giorgos and Leech, Thomas and Snead, David and Raza, Shan E Ahmed and Minhas, Fayyaz and Rajpoot, Nasir}, journal={arXiv preprint arXiv:2111.14485}, year={2021}}
@article{grandvalet2004semi, title={Semi-supervised learning by entropy minimization}, author={Grandvalet, Yves and Bengio, Yoshua}, journal={Advances in neural information processing systems}, volume={17}, year={2004}}
@article{greenspan2016guest, title={Guest editorial deep learning in medical imaging: Overview and future promise of an exciting new technique}, author={Greenspan, Hayit and van Ginneken, Bram and Summers, Ronald M}, journal={IEEE Transactions on Medical Imaging}, volume={35}, number={5}, pages={1153--1159}, year={2016}, publisher={IEEE} }
@article{gulshan2016development, title={Development and validation of a deep learning algorithm for detection of diabetic retinopathy in retinal fundus photographs}, author={Gulshan, Varun and Peng, Lily and Coram, Marc and Stumpe, Martin C and Wu, Derek and Narayanaswamy, Arunachalam and Venugopalan, Subhashini and Widner, Kasumi and Madams, Tom and Cuadros, Jorge and others}, journal={Jama}, volume={316}, number={22}, pages={2402--2410}, year={2016}, publisher={American Medical Association} }
@article{gupta2021segpc,title={Segpc-2021: Segmentation of multiple myeloma plasma cells in microscopic images},author={Gupta, A and Gupta, R and Gehlot, S and Goswami, S},journal={IEEE Dataport},volume={1},number={1},pages={1},year={2021}}
@article{guyon2002gene, title={Gene selection for cancer classification using support vector machines}, author={Guyon, Isabelle and Weston, Jason and Barnhill, Stephen and Vapnik, Vladimir}, journal={Machine learning}, volume={46}, number={1-3}, pages={389--422}, year={2002}, publisher={Springer} }
@article{hajdu2002first, title={The first use of the microscope in medicine}, author={Hajdu, Steven I}, journal={Annals of Clinical \& Laboratory Science}, volume={32}, number={3}, pages={309--310}, year={2002}, publisher={Assoc Clin Scientists}}
@article{han2017breast, title={Breast cancer multi-classification from histopathological images with structured deep learning model}, author={Han, Zhongyi and Wei, Benzheng and Zheng, Yuanjie and Yin, Yilong and Li, Kejian and Li, Shuo}, journal={Scientific reports}, volume={7}, number={1}, pages={4172}, year={2017}, publisher={Nature Publishing Group} }
@article{hornik1989multilayer, title={Multilayer feedforward networks are universal approximators}, author={Hornik, Kurt and Stinchcombe, Maxwell and White, Halbert}, journal={Neural networks}, volume={2}, number={5}, pages={359--366}, year={1989}, publisher={Elsevier}}
@article{howard2017mobilenets, title={Mobilenets: Efficient convolutional neural networks for mobile vision applications}, author={Howard, Andrew G and Zhu, Menglong and Chen, Bo and Kalenichenko, Dmitry and Wang, Weijun and Weyand, Tobias and Andreetto, Marco and Adam, Hartwig}, journal={arXiv preprint arXiv:1704.04861}, year={2017} }
@article{humerick2017taking, title={Taking AI personally: how the EU must learn to balance the interests of personal data privacy \& artificial intelligence}, author={Humerick, Matthew}, journal={Santa Clara High Tech. LJ}, volume={34}, pages={393}, year={2017}, publisher={HeinOnline}}
@article{jahn2020digital, title={Digital Pathology: Advantages, Limitations and Emerging Perspectives}, author={Jahn, Stephan W and Plass, Markus and Moinfar, Farid}, journal={Journal of Clinical Medicine}, volume={9}, number={11}, pages={3697}, year={2020}, publisher={Multidisciplinary Digital Publishing Institute}}
@article{jaiswal2019semi, title={Semi-supervised learning for cancer detection of lymph node metastases}, author={Jaiswal, Amit Kumar and Panshin, Ivan and Shulkin, Dimitrij and Aneja, Nagender and Abramov, Samuel}, journal={arXiv preprint arXiv:1906.09587}, year={2019}}
@article{janowczyk2016deep, title={Deep learning for digital pathology image analysis: A comprehensive tutorial with selected use cases}, author={Janowczyk, Andrew and Madabhushi, Anant and others}, journal={Journal of Pathology Informatics}, volume={7}, number={1}, pages={29}, year={2016}, publisher={Medknow Publications} }
@article{jia2014caffe, Author = {Jia, Yangqing and Shelhamer, Evan and Donahue, Jeff and Karayev, Sergey and Long, Jonathan and Girshick, Ross and Guadarrama, Sergio and Darrell, Trevor}, Journal = {arXiv preprint arXiv:1408.5093}, Title = {Caffe: Convolutional Architecture for Fast Feature Embedding}, Year = {2014}}
@article{kainz2017training, title={Training echo state networks for rotation-invariant bone marrow cell classification}, author={Kainz, Philipp and Burgsteiner, Harald and Asslaber, Martin and Ahammer, Helmut}, journal={Neural Computing and Applications}, volume={28}, number={6}, pages={1277--1292}, year={2017}, publisher={Springer} }
@article{kather2016multi, title={Multi-class texture analysis in colorectal cancer histology}, author={Kather, Jakob Nikolas and Weis, Cleo-Aron and Bianconi, Francesco and Melchers, Susanne M and Schad, Lothar R and Gaiser, Timo and Marx, Alexander and Z{\"o}llner, Frank Gerrit}, journal={Scientific reports}, volume={6}, pages={27988}, year={2016}, publisher={Nature Publishing Group} }
@article{kaufman2012leakage, title={Leakage in data mining: Formulation, detection, and avoidance}, author={Kaufman, Shachar and Rosset, Saharon and Perlich, Claudia and Stitelman, Ori}, journal={ACM Transactions on Knowledge Discovery from Data (TKDD)}, volume={6}, number={4}, pages={1--21}, year={2012}, publisher={ACM New York, NY, USA}}
@article{kieffer2017convolutional, title={Convolutional Neural Networks for Histopathology Image Classification: Training vs. Using Pre-Trained Networks}, author={Kieffer, Brady and Babaie, Morteza and Kalra, Shivam and Tizhoosh, HR}, journal={arXiv preprint arXiv:1710.05726}, year={2017} }
@article{kingma2014adam, title={Adam: A method for stochastic optimization}, author={Kingma, Diederik P and Ba, Jimmy}, journal={arXiv preprint arXiv:1412.6980}, year={2014} }
@article{komura2018machine, title={Machine learning methods for histopathological image analysis}, author={Komura, Daisuke and Ishikawa, Shumpei}, journal={Computational and structural biotechnology journal}, volume={16}, pages={34--42}, year={2018}, publisher={Elsevier} }
@article{koohbanani2021self, title={Self-path: Self-supervision for classification of pathology images with limited annotations}, author={Koohbanani, Navid Alemi and Unnikrishnan, Balagopal and Khurram, Syed Ali and Krishnaswamy, Pavitra and Rajpoot, Nasir}, journal={IEEE Transactions on Medical Imaging}, volume={40}, number={10}, pages={2845--2856}, year={2021}, publisher={IEEE}}
@article{kraus2017automated, title={Automated analysis of high-content microscopy data with deep learning}, author={Kraus, Oren Z and Grys, Ben T and Ba, Jimmy and Chong, Yolanda and Frey, Brendan J and Boone, Charles and Andrews, Brenda J}, journal={Molecular systems biology}, volume={13}, number={4}, pages={924}, year={2017}, publisher={John Wiley \& Sons, Ltd} }
@article{kumar2017comparative, title={A Comparative Study of CNN, BoVW and LBP for Classification of Histopathological Images}, author={Kumar, Meghana Dinesh and Babaie, Morteza and Zhu, Shujin and Kalra, Shivam and Tizhoosh, HR}, journal={arXiv preprint arXiv:1710.01249}, year={2017} }
@article{kumar2019multi, title={A multi-organ nucleus segmentation challenge}, author={Kumar, Neeraj and Verma, Ruchika and Anand, Deepak and Zhou, Yanning and Onder, Omer Fahri and Tsougenis, Efstratios and Chen, Hao and Heng, Pheng-Ann and Li, Jiahui and Hu, Zhiqiang and others}, journal={IEEE transactions on medical imaging}, volume={39}, number={5}, pages={1380--1391}, year={2019}, publisher={IEEE}}
@article{kuznetsova2020open, title={The open images dataset v4}, author={Kuznetsova, Alina and Rom, Hassan and Alldrin, Neil and Uijlings, Jasper and Krasin, Ivan and Pont-Tuset, Jordi and Kamali, Shahab and Popov, Stefan and Malloci, Matteo and Kolesnikov, Alexander and others}, journal={International Journal of Computer Vision}, volume={128}, number={7}, pages={1956--1981}, year={2020}, publisher={Springer}}
@article{laine2016temporal, title={Temporal ensembling for semi-supervised learning}, author={Laine, Samuli and Aila, Timo}, journal={arXiv preprint arXiv:1610.02242}, year={2016}}
@article{lecun1989handwritten, title={Handwritten digit recognition with a back-propagation network}, author={LeCun, Yann and Boser, Bernhard and Denker, John and Henderson, Donnie and Howard, Richard and Hubbard, Wayne and Jackel, Lawrence}, journal={Advances in neural information processing systems}, volume={2}, year={1989}}
@article{li2018adaptive, title={Adaptive batch normalization for practical domain adaptation}, author={Li, Yanghao and Wang, Naiyan and Shi, Jianping and Hou, Xiaodi and Liu, Jiaying}, journal={Pattern Recognition}, volume={80}, pages={109--117}, year={2018}, publisher={Elsevier} }
@article{li2018based, title={An EM-based semi-supervised deep learning approach for semantic segmentation of histopathological images from radical prostatectomies}, author={Li, Jiayun and Speier, William and Ho, King Chung and Sarma, Karthik V and Gertych, Arkadiusz and Knudsen, Beatrice S and Arnold, Corey W}, journal={Computerized Medical Imaging and Graphics}, volume={69}, pages={125--133}, year={2018}, publisher={Elsevier}}
@article{linder2012identification, title={Identification of tumor epithelium and stroma in tissue microarrays using texture analysis}, author={Linder, Nina and Konsti, Juho and Turkki, Riku and Rahtu, Esa and Lundin, Mikael and Nordling, Stig and Haglund, Caj and Ahonen, Timo and Pietik{\"a}inen, Matti and Lundin, Johan}, journal={Diagnostic pathology}, volume={7}, number={1}, pages={22}, year={2012}, publisher={Springer} }
@article{litjens2017survey, title={A survey on deep learning in medical image analysis}, author={Litjens, Geert and Kooi, Thijs and Bejnordi, Babak Ehteshami and Setio, Arnaud Arindra Adiyoso and Ciompi, Francesco and Ghafoorian, Mohsen and van der Laak, Jeroen AWM and van Ginneken, Bram and S{\'a}nchez, Clara I}, journal={Medical image analysis}, volume={42}, pages={60--88}, year={2017}, publisher={Elsevier} }
@article{litjens2018camelyon, title={1399 H\&E-stained sentinel lymph node sections of breast cancer patients: the CAMELYON dataset}, author={Litjens, Geert and Bandi, Peter and Ehteshami Bejnordi, Babak and Geessink, Oscar and Balkenhol, Maschenka and Bult, Peter and Halilovic, Altuna and Hermsen, Meyke and van de Loo, Rob and Vogels, Rob and others}, journal={GigaScience}, volume={7}, number={6}, pages={giy065}, year={2018}, publisher={Oxford University Press}}
@article{liu2019multi, title={Multi-task deep neural networks for natural language understanding}, author={Liu, Xiaodong and He, Pengcheng and Chen, Weizhu and Gao, Jianfeng}, journal={arXiv preprint arXiv:1901.11504}, year={2019} }
@article{mahmood2016resfeats, title={Resfeats: Residual network based features for image classification}, author={Mahmood, Ammar and Bennamoun, Mohammed and An, Senjian and Sohel, Ferdous}, journal={arXiv preprint arXiv:1611.06656}, year={2016} }
@article{maree2016collaborative, title={Collaborative analysis of multi-gigapixel imaging data using Cytomine}, author={Mar{\'e}e, Rapha{\"e}l and Rollus, Loic and St{\'e}vens, Benjamin and Hoyoux, Renaud and Louppe, Gilles and Vandaele, R{\'e}my and Begon, Jean-Michel and Kainz, Philipp and Geurts, Pierre and Wehenkel, Louis}, journal={Bioinformatics}, volume={32}, number={9}, pages={1395--1401}, year={2016}, publisher={Oxford University Press} }
@article{maree2016towards, title={Towards generic image classification using tree-based learning: An extensive empirical study}, author={Mar{\'e}e, Rapha{\"e}l and Geurts, Pierre and Wehenkel, Louis}, journal={Pattern Recognition Letters}, volume={74}, pages={17--23}, year={2016}, publisher={Elsevier} }
@article{maree2017need, title={The need for careful data collection for pattern recognition in digital pathology}, author={Mar{\'e}e, Rapha{\"e}l}, journal={Journal of pathology informatics}, volume={8}, year={2017}, publisher={Medknow Publications} }
@article{maree2019open, title={Open practices and resources for collaborative digital pathology}, author={Mar{\'e}e, Rapha{\"e}l}, journal={Frontiers in Medicine}, pages={255}, year={2019}, publisher={Frontiers}}
@article{marini2022multi_scale_tools, title={Multi\_Scale\_Tools: a python library to exploit multi-scale whole slide images}, author={Marini, Niccolo and Ot{\'a}lora, Sebastian and Podareanu, Damian and van Rijthoven, Mart and van der Laak, Jeroen and Ciompi, Francesco and M{\"u}ller, Henning and Atzori, Manfredo}, journal={Data-Enabled Intelligence for Medical Technology Innovation, Volume I}, year={2022}, publisher={Frontiers Media SA}}
@article{mccann2014automated, title={Automated histology analysis: Opportunities for signal processing}, author={McCann, Michael T and Ozolek, John A and Castro, Carlos A and Parvin, Bahram and Kovacevic, Jelena}, journal={IEEE Signal Processing Magazine}, volume={32}, number={1}, pages={78--87}, year={2014}, publisher={IEEE}}
@article{mensink2021factors, title={Factors of influence for transfer learning across diverse appearance domains and task types}, author={Mensink, Thomas and Uijlings, Jasper and Kuznetsova, Alina and Gygli, Michael and Ferrari, Vittorio}, journal={arXiv preprint arXiv:2103.13318}, year={2021}}
@article{mormont2016sldc, title={SLDC: an open-source workflow for object detection in multi-gigapixel images}, author={Mormont, Romain and Begon, Jean-Michel and Hoyoux, Renaud and Mar{\'e}e, Rapha{\"e}l}, year={2016}}
@article{mormont2020multi, title={Multi-task pre-training of deep neural networks for digital pathology}, author={Mormont, Romain and Geurts, Pierre and Mar{\'e}e, Rapha{\"e}l}, journal={IEEE journal of biomedical and health informatics}, volume={25}, number={2}, pages={412--421}, year={2020}, publisher={IEEE}}
@article{nagendran2020artificial, title={Artificial intelligence versus clinicians: systematic review of design, reporting standards, and claims of deep learning studies}, author={Nagendran, Myura and Chen, Yang and Lovejoy, Christopher A and Gordon, Anthony C and Komorowski, Matthieu and Harvey, Hugh and Topol, Eric J and Ioannidis, John PA and Collins, Gary S and Maruthappu, Mahiben}, journal={Bmj}, volume={368}, year={2020}, publisher={British Medical Journal Publishing Group}}
@article{niu2021review, title={A review on the attention mechanism of deep learning}, author={Niu, Zhaoyang and Zhong, Guoqiang and Yu, Hui}, journal={Neurocomputing}, volume={452}, pages={48--62}, year={2021}, publisher={Elsevier}}
@article{pan2010survey, title={A survey on transfer learning}, author={Pan, Sinno Jialin and Yang, Qiang}, journal={IEEE Transactions on knowledge and data engineering}, volume={22}, number={10}, pages={1345--1359}, year={2010}, publisher={IEEE} }
@article{patel2021contemporary, title={Contemporary whole slide imaging devices and their applications within the modern pathology department: A selected hardware review}, author={Patel, Ankush and Balis, Ulysses GJ and Cheng, Jerome and Li, Zaibo and Lujan, Giovanni and McClintock, David S and Pantanowitz, Liron and Parwani, Anil}, journal={Journal of Pathology Informatics}, volume={12}, year={2021}, publisher={Wolters Kluwer--Medknow Publications}}
@article{peikari2018cluster, title={A cluster-then-label semi-supervised learning approach for pathology image classification}, author={Peikari, Mohammad and Salama, Sherine and Nofech-Mozes, Sharon and Martel, Anne L}, journal={Scientific reports}, volume={8}, number={1}, pages={1--13}, year={2018}, publisher={Nature Publishing Group}}
@article{peng2021medical, title={Medical image segmentation with limited supervision: A review of deep network models}, author={Peng, Jialin and Wang, Ye}, journal={IEEE Access}, year={2021}, publisher={IEEE}}
@article{peplow2016citizen, title={Citizen science lures gamers into Sweden's Human Protein Atlas}, author={Peplow, Mark}, journal={Nature Biotechnology}, volume={34}, number={5}, pages={452--454}, year={2016}, publisher={Nature Publishing Group}}
@article{petit2021iterative, title={Iterative Confidence Relabeling with Deep ConvNets for Organ Segmentation with Partial Labels}, author={Petit, Olivier and Thome, Nicolas and Soler, Luc}, journal={Computerized Medical Imaging and Graphics}, pages={101938}, year={2021}, publisher={Elsevier}}
@article{ponzio2019dealing,  title={Dealing with Lack of Training Data for Convolutional Neural Networks: The Case of Digital Pathology},  volume={8},  ISSN={2079-9292},  DOI={10.3390/electronics8030256},  number={3},  journal={Electronics},  publisher={MDPI AG},  author={Ponzio, Francesco and Urgese, Gianvito and Ficarra, Elisa and Di Cataldo, Santa},  year={2019},  month={2},  pages={256} }
@article{pramanik2019healthcare, title={Healthcare big data: A comprehensive overview}, author={Pramanik, Pijush Kanti Dutta and Pal, Saurabh and Mukhopadhyay, Moutan}, journal={Intelligent systems for healthcare management and delivery}, pages={72--100}, year={2019}, publisher={IGI Global}}
@article{quinlan1986induction, title={Induction of decision trees}, author={Quinlan, J. Ross}, journal={Machine learning}, volume={1}, number={1}, pages={81--106}, year={1986}, publisher={Springer}}
@article{rajkomar2019machine, title={Machine learning in medicine}, author={Rajkomar, Alvin and Dean, Jeffrey and Kohane, Isaac}, journal={New England Journal of Medicine}, volume={380}, number={14}, pages={1347--1358}, year={2019}, publisher={Mass Medical Soc}}
@article{ranjan2017hyperface, title={Hyperface: A deep multi-task learning framework for face detection, landmark localization, pose estimation, and gender recognition}, author={Ranjan, Rajeev and Patel, Vishal M and Chellappa, Rama}, journal={IEEE Transactions on Pattern Analysis and Machine Intelligence}, volume={41}, number={1}, pages={121--135}, year={2017}, publisher={IEEE} }
@article{robertson2018digital, title={Digital image analysis in breast pathology—from image processing techniques to artificial intelligence}, author={Robertson, Stephanie and Azizpour, Hossein and Smith, Kevin and Hartman, Johan}, journal={Translational Research}, volume={194}, pages={19--35}, year={2018}, publisher={Elsevier} }
@article{rolls2012process, title={Process of Fixation and the Nature of Fixatives}, author={Rolls, Geoffrey}, journal={Fixation and Fixatives Retrieved}, volume={20}, number={06}, pages={2014}, year={2012}}
@article{rosenblatt1958perceptron, title={The perceptron: a probabilistic model for information storage and organization in the brain.}, author={Rosenblatt, Frank}, journal={Psychological review}, volume={65}, number={6}, pages={386}, year={1958}, publisher={American Psychological Association}}
@article{roux2014mitos, title={Mitos \& atypia}, author={Roux, Ludovic and Racoceanu, Daniel and Capron, Fr{\'e}d{\'e}rique and Calvo, Jessica and Attieh, Elham and Le Naour, Gilles and Gloaguen, Anne}, journal={Image Pervasive Access Lab (IPAL), Agency Sci., Technol. \& Res. Inst. Infocom Res., Singapore, Tech. Rep}, volume={1}, pages={1--8}, year={2014} }
@article{rubens2020biaflows, title={BIAFLOWS: A collaborative framework to reproducibly deploy and benchmark bioimage analysis workflows}, author={Rubens, Ulysse and Mormont, Romain and Paavolainen, Lassi and B{\"a}cker, Volker and Pavie, Benjamin and Scholz, Leandro A and Michiels, Gino and Ma{\v{s}}ka, Martin and {\"U}nay, Devrim and Ball, Graeme and others}, journal={Patterns}, volume={1}, number={3}, pages={100040}, year={2020}, publisher={Elsevier}}
@article{rumelhart1986learning, title={Learning representations by back-propagating errors}, author={Rumelhart, David E and Hinton, Geoffrey E and Williams, Ronald J}, journal={nature}, volume={323}, number={6088}, pages={533--536}, year={1986}, publisher={Nature Publishing Group}}
@article{russakovsky2015imagenet, title={Imagenet large scale visual recognition challenge}, author={Russakovsky, Olga and Deng, Jia and Su, Hao and Krause, Jonathan and Satheesh, Sanjeev and Ma, Sean and Huang, Zhiheng and Karpathy, Andrej and Khosla, Aditya and Bernstein, Michael and others}, journal={International journal of computer vision}, volume={115}, number={3}, pages={211--252}, year={2015}, publisher={Springer}}
@article{samala2017multi, title={Multi-task transfer learning deep convolutional neural network: application to computer-aided diagnosis of breast cancer on mammograms}, author={Samala, Ravi K and Chan, Heang-Ping and Hadjiiski, Lubomir M and Helvie, Mark A and Cha, Kenny H and Richter, Caleb D}, journal={Physics in Medicine \& Biology}, volume={62}, number={23}, pages={8894-8908}, year={2017}, publisher={IOP Publishing} }
@article{scikit-learn,title={Scikit-learn: Machine Learning in {P}ython},author={Pedregosa, F. and Varoquaux, G. and Gramfort, A. and Michel, V. and Thirion, B. and Grisel, O. and Blondel, M. and Prettenhofer, P. and Weiss, R. and Dubourg, V. and Vanderplas, J. and Passos, A. and Cournapeau, D. and Brucher, M. and Perrot, M. and Duchesnay, E.},journal={Journal of Machine Learning Research},volume={12},pages={2825--2830},year={2011} }
@article{scudder1965probability, title={Probability of error of some adaptive pattern-recognition machines}, author={Scudder, Henry}, journal={IEEE Transactions on Information Theory}, volume={11}, number={3}, pages={363--371}, year={1965}, publisher={IEEE}}
@article{shaw2020teacher, title={Teacher-student chain for efficient semi-supervised histology image classification}, author={Shaw, Shayne and Pajak, Maciej and Lisowska, Aneta and Tsaftaris, Sotirios A and O'Neil, Alison Q}, journal={arXiv preprint arXiv:2003.08797}, year={2020}}
@article{shin2016deep, title={Deep convolutional neural networks for computer-aided detection: CNN architectures, dataset characteristics and transfer learning}, author={Shin, Hoo-Chang and Roth, Holger R and Gao, Mingchen and Lu, Le and Xu, Ziyue and Nogues, Isabella and Yao, Jianhua and Mollura, Daniel and Summers, Ronald M}, journal={IEEE transactions on medical imaging}, volume={35}, number={5}, pages={1285--1298}, year={2016}, publisher={IEEE} }
@article{simonyan2014very, title={Very deep convolutional networks for large-scale image recognition}, author={Simonyan, Karen and Zisserman, Andrew}, journal={arXiv preprint arXiv:1409.1556}, year={2014} }
@article{sirinukunwattana2016locality, title={Locality sensitive deep learning for detection and classification of nuclei in routine colon cancer histology images.}, author={Sirinukunwattana, Korsuk and Shan e Ahmed Raza and Tsang, Yee-Wah and Snead, David RJ and Cree, Ian A and Rajpoot, Nasir M}, journal={IEEE Trans. Med. Imaging}, volume={35}, number={5}, pages={1196--1206}, year={2016} }
@article{sirinukunwattana2017gland, title={Gland segmentation in colon histology images: The glas challenge contest}, author={Sirinukunwattana, Korsuk and Pluim, Josien PW and Chen, Hao and Qi, Xiaojuan and Heng, Pheng-Ann and Guo, Yun Bo and Wang, Li Yang and Matuszewski, Bogdan J and Bruni, Elia and Sanchez, Urko and others}, journal={Medical image analysis}, volume={35}, pages={489--502}, year={2017}, publisher={Elsevier}}
@article{sohn2020fixmatch, title={Fixmatch: Simplifying semi-supervised learning with consistency and confidence}, author={Sohn, Kihyuk and Berthelot, David and Carlini, Nicholas and Zhang, Zizhao and Zhang, Han and Raffel, Colin A and Cubuk, Ekin Dogus and Kurakin, Alexey and Li, Chun-Liang}, journal={Advances in Neural Information Processing Systems}, volume={33}, pages={596--608}, year={2020}}
@article{spanhol2015dataset, title={A dataset for breast cancer histopathological image classification}, author={Spanhol, Fabio A and Oliveira, Luiz S and Petitjean, Caroline and Heutte, Laurent}, journal={IEEE Transactions on Biomedical Engineering}, volume={63}, number={7}, pages={1455--1462}, year={2015}, publisher={IEEE} }
@article{srivastava2014dropout, title={Dropout: a simple way to prevent neural networks from overfitting}, author={Srivastava, Nitish and Hinton, Geoffrey and Krizhevsky, Alex and Sutskever, Ilya and Salakhutdinov, Ruslan}, journal={The journal of machine learning research}, volume={15}, number={1}, pages={1929--1958}, year={2014}, publisher={JMLR. org}}
@article{stidworthy2011getting, title={Getting the best results from veterinary histopathology}, author={Stidworthy, Mark and Priestnall, Simon}, journal={In Practice}, volume={33}, number={6}, pages={252--260}, year={2011}, publisher={Wiley Online Library}}
@article{strezoski2017omniart, title={Omniart: multi-task deep learning for artistic data analysis}, author={Strezoski, Gjorgji and Worring, Marcel}, journal={arXiv preprint arXiv:1708.00684}, year={2017} }
@article{tajbakhsh2016convolutional, title={Convolutional neural networks for medical image analysis: Full training or fine tuning?}, author={Tajbakhsh, Nima and Shin, Jae Y and Gurudu, Suryakanth R and Hurst, R Todd and Kendall, Christopher B and Gotway, Michael B and Liang, Jianming}, journal={IEEE transactions on medical imaging}, volume={35}, number={5}, pages={1299--1312}, year={2016}, publisher={IEEE} }
@article{tajbakhsh2020embracing, title={Embracing imperfect datasets: A review of deep learning solutions for medical image segmentation}, author={Tajbakhsh, Nima and Jeyaseelan, Laura and Li, Qian and Chiang, Jeffrey N and Wu, Zhihao and Ding, Xiaowei}, journal={Medical Image Analysis}, volume={63}, pages={101693}, year={2020}, publisher={Elsevier}}
@article{taqi2018review, title={A review of artifacts in histopathology}, author={Taqi, Syed Ahmed and Sami, Syed Abdus and Sami, Lateef Begum and Zaki, Syed Ahmed}, journal={Journal of oral and maxillofacial pathology: JOMFP}, volume={22}, number={2}, pages={279}, year={2018}, publisher={Wolters Kluwer--Medknow Publications}}
@article{tarvainen2017mean, title={Mean teachers are better role models: Weight-averaged consistency targets improve semi-supervised deep learning results}, author={Tarvainen, Antti and Valpola, Harri}, journal={Advances in neural information processing systems}, volume={30}, year={2017}}
@article{tellez2018whole, title={Whole-slide mitosis detection in H\&E breast histology using PHH3 as a reference to train distilled stain-invariant convolutional networks}, author={Tellez, David and Balkenhol, Maschenka and Otte-H{\"o}ller, Irene and van de Loo, Rob and Vogels, Rob and Bult, Peter and Wauters, Carla and Vreuls, Willem and Mol, Suzanne and Karssemeijer, Nico and others}, journal={IEEE transactions on medical imaging}, volume={37}, number={9}, pages={2126--2136}, year={2018}, publisher={IEEE}}
@article{temprana2022digipatics, title={DigiPatICS: Digital Pathology Transformation of the Catalan Health Institute Network of 8 Hospitals—Planification, Implementation, and Preliminary Results}, author={Temprana-Salvador, Jordi and L{\'o}pez-Garc{\'\i}a, Pablo and Castellv{\'\i} Vives, Josep and de Haro, Llu{\'\i}s and Ballesta, Eudald and Rojas Abusleme, Matias and Arrufat, Miquel and Marques, Ferran and Casas, Josep R and Gallego, Carlos and others}, journal={Diagnostics}, volume={12}, number={4}, pages={852}, year={2022}, publisher={MDPI}}
@article{tizhoosh2018artificial, title={Artificial intelligence and digital pathology: Challenges and opportunities}, author={Tizhoosh, Hamid and Pantanowitz, Liron}, journal={Journal of pathology informatics}, volume={9}, number={1}, pages={38}, year={2018}, publisher={Medknow Publications} }
@article{van1994neural, title={Neural mechanisms of form and motion processing in the primate visual system}, author={Van Essen, David C and Gallant, Jack L}, journal={Neuron}, volume={13}, number={1}, pages={1--10}, year={1994}, publisher={Elsevier}}
@article{van2019strategies, title={Strategies to reduce the expert supervision required for deep Learning-Based segmentation of histopathological images}, author={Van Eycke, Yves-R{\'e}mi and Foucart, Adrien and Decaestecker, Christine}, journal={Frontiers in medicine}, volume={6}, pages={222}, year={2019}, publisher={Frontiers}}
@article{van2020survey, title={A survey on semi-supervised learning}, author={Van Engelen, Jesper E and Hoos, Holger H}, journal={Machine Learning}, volume={109}, number={2}, pages={373--440}, year={2020}, publisher={Springer}}
@article{veta2019predicting, title={Predicting breast tumor proliferation from whole-slide images: the TUPAC16 challenge}, author={Veta, Mitko and Heng, Yujing J and Stathonikos, Nikolas and Bejnordi, Babak Ehteshami and Beca, Francisco and Wollmann, Thomas and Rohr, Karl and Shah, Manan A and Wang, Dayong and Rousson, Mikael and others}, journal={Medical image analysis}, volume={54}, pages={111--121}, year={2019}, publisher={Elsevier} }
@article{vu2019methods, title={Methods for segmentation and classification of digital microscopy tissue images}, author={Vu, Quoc Dang and Graham, Simon and Kurc, Tahsin and To, Minh Nguyen Nhat and Shaban, Muhammad and Qaiser, Talha and Koohbanani, Navid Alemi and Khurram, Syed Ali and Kalpathy-Cramer, Jayashree and Zhao, Tianhao and others}, journal={Frontiers in bioengineering and biotechnology}, pages={53}, year={2019}, publisher={Frontiers}}
@article{wahab2022semantic, title={Semantic annotation for computational pathology: Multidisciplinary experience and best practice recommendations}, author={Wahab, Noorul and Miligy, Islam M and Dodd, Katherine and Sahota, Harvir and Toss, Michael and Lu, Wenqi and Jahanifar, Mostafa and Bilal, Mohsin and Graham, Simon and Park, Young and others}, journal={The Journal of Pathology: Clinical Research}, volume={8}, number={2}, pages={116--128}, year={2022}, publisher={Wiley Online Library}}
@article{weinstein2013cancer, title={The cancer genome atlas pan-cancer analysis project}, author={Weinstein, John N and Collisson, Eric A and Mills, Gordon B and Shaw, Kenna R and Ozenberger, Brad A and Ellrott, Kyle and Shmulevich, Ilya and Sander, Chris and Stuart, Joshua M}, journal={Nature genetics}, volume={45}, number={10}, pages={1113--1120}, year={2013}, publisher={Nature Publishing Group}}
@article{wolny2021sparse, title={Sparse Object-level Supervision for Instance Segmentation with Pixel Embeddings}, author={Wolny, Adrian and Yu, Qin and Pape, Constantin and Kreshuk, Anna}, journal={arXiv preprint arXiv:2103.14572}, year={2021}}
@article{world2020report, title={WHO report on cancer: setting priorities, investing wisely and providing care for all}, author={WHO and others}, year={2020}, publisher={World Health Organization}}
@article{xu2021predicting, title={Predicting Axillary Lymph Node Metastasis in Early Breast Cancer Using Deep Learning on Primary Tumor Biopsy Slides}, author={Xu, Feng and Zhu, Chuang and Tang, Wenqi and Wang, Ying and Zhang, Yu and Li, Jie and Jiang, Hongchuan and Shi, Zhongyue and Liu, Jun and Jin, Mulan}, journal={Frontiers in Oncology}, pages={4133}, year={2021}, publisher={Frontiers}}
@article{yang2014unified, title={A unified perspective on multi-domain and multi-task learning}, author={Yang, Yongxin and Hospedales, Timothy M}, journal={arXiv preprint arXiv:1412.7489}, year={2014} }
@article{yu2017deep, title={Deep transfer learning for modality classification of medical images}, author={Yu, Yuhai and Lin, Hongfei and Meng, Jiana and Wei, Xiaocong and Guo, Hai and Zhao, Zhehuan}, journal={Information}, volume={8}, number={3}, pages={91}, year={2017}, publisher={Multidisciplinary Digital Publishing Institute} }
@article{yu2020gradient, title={Gradient surgery for multi-task learning}, author={Yu, Tianhe and Kumar, Saurabh and Gupta, Abhishek and Levine, Sergey and Hausman, Karol and Finn, Chelsea}, journal={arXiv preprint arXiv:2001.06782}, year={2020} }
@article{zarella2019practical, title={A practical guide to whole slide imaging: a white paper from the digital pathology association}, author={Zarella, Mark D and Bowman, Douglas and Aeffner, Famke and Farahani, Navid and Xthona, Albert and Absar, Syeda Fatima and Parwani, Anil and Bui, Marilyn and Hartman, Douglas J}, journal={Archives of pathology \& laboratory medicine}, volume={143}, number={2}, pages={222--234}, year={2019}, publisher={the College of American Pathologists}}
@article{zhang2017survey, title={A survey on multi-task learning}, author={Zhang, Yu and Yang, Qiang}, journal={arXiv preprint arXiv:1707.08114}, year={2017} }
@article{zhang2020overcoming, title={Overcoming negative transfer: A survey}, author={Zhang, Wen and Deng, Lingfei and Zhang, Lei and Wu, Dongrui}, journal={arXiv preprint arXiv:2009.00909}, year={2020}}
@article{zhang2021understanding, title={Understanding deep learning (still) requires rethinking generalization}, author={Zhang, Chiyuan and Bengio, Samy and Hardt, Moritz and Recht, Benjamin and Vinyals, Oriol}, journal={Communications of the ACM}, volume={64}, number={3}, pages={107--115}, year={2021}, publisher={ACM New York, NY, USA}}
@article{zhu2005semi, title={Semi-supervised learning literature survey}, author={Zhu, Xiaojin Jerry}, year={2005}, publisher={University of Wisconsin-Madison Department of Computer Sciences}}
@article{zhu2020improving, title={Improving semantic segmentation via self-training}, author={Zhu, Yi and Zhang, Zhongyue and Wu, Chongruo and Zhang, Zhi and He, Tong and Zhang, Hang and Manmatha, R and Li, Mu and Smola, Alexander}, journal={arXiv preprint arXiv:2004.14960}, year={2020}}
@article{zhuang2020comprehensive, title={A comprehensive survey on transfer learning}, author={Zhuang, Fuzhen and Qi, Zhiyuan and Duan, Keyu and Xi, Dongbo and Zhu, Yongchun and Zhu, Hengshu and Xiong, Hui and He, Qing}, journal={Proceedings of the IEEE}, volume={109}, number={1}, pages={43--76}, year={2020}, publisher={IEEE}}
@book{breiman2017classification, title={Classification and regression trees}, author={Breiman, Leo and Friedman, Jerome H and Olshen, Richard A and Stone, Charles J}, year={2017}, publisher={Routledge}}
@book{chapelle2006semi, added-at={2010-05-04T09:33:52.000+0200}, author={Chapelle, Olivier and Schölkopf, Bernhard and Zien, Alexander}, interhash={90eecf83da2790cac977f375160081fe}, intrahash={7897c1bbec1b3a621e660cd875ca101b}, keywords={learning semi-supervised}, publisher={MIT Press}, timestamp={2010-05-04T09:33:52.000+0200}, title={Semi-Supervised Learning}, year=2006}
@book{friedman2017elements, title={The elements of statistical learning: Data mining, inference, and prediction}, author={Friedman, Jerome H}, year={2017}, publisher={springer open}}
@book{mitchell1997machine, added-at={2013-07-03T00:53:47.000+0200}, address={New York, NY [u.a.}, author={Mitchell, Tom M.}, description={Machine Learning: Tom M. Mitchell: 9780070428072: Amazon.com: Books}, interhash={8be657b11d4324941ba419c176c0229a}, intrahash={adfebd1b18f04021ba0edd69ccaa3d96}, keywords={Mitchell book info2.0 learning machine}, publisher={McGraw-Hill}, refid={846511832}, timestamp={2013-07-03T00:53:47.000+0200}, title={Machine learning}, url={http://www.amazon.com/Machine-Learning-Tom-M-Mitchell/dp/0070428077}, year=1997}
@book{yang2020transfer, description={Transfer learning: Yang et al.}, author={Yang, Qiang and Zhang, Yu and Dai, Wenyuan and Pan, Sinno Jialin}, publisher={Cambridge Unversity Press}, title={Transfer Learning}, year=2020}
@incollection{geurts2009bias, title={Bias vs variance decomposition for regression and classification}, author={Geurts, Pierre}, booktitle={Data mining and knowledge discovery handbook}, pages={733--746}, year={2009}, publisher={Springer}}
@incollection{leonardis2010learning, title={Learning hierarchical representations of object categories for robot vision}, author={Leonardis, Ale{\v{s}} and Fidler, Sanja}, booktitle={Robotics Research}, pages={99--110}, year={2010}, publisher={Springer}}
@incollection{millar2019using, title={Using convolutional neural networks for classifying malicious network traffic}, author={Millar, Kyle and Cheng, Adriel and Chew, Hong Gunn and Lim, Cheng-Chew}, booktitle={Deep Learning Applications for Cyber Security}, pages={103--126}, year={2019}, publisher={Springer}}
@incollection{paszke2019pytorch, title={PyTorch: An Imperative Style, High-Performance Deep Learning Library}, author={Paszke, Adam and Gross, Sam and Massa, Francisco and Lerer, Adam and Bradbury, James and Chanan, Gregory and Killeen, Trevor and Lin, Zeming and Gimelshein, Natalia and Antiga, Luca and Desmaison, Alban and Kopf, Andreas and Yang, Edward and DeVito, Zachary and Raison, Martin and Tejani, Alykhan and Chilamkurthy, Sasank and Steiner, Benoit and Fang, Lu and Bai, Junjie and Chintala, Soumith}, booktitle={Advances in Neural Information Processing Systems 32}, editor={H. Wallach and H. Larochelle and A. Beygelzimer and F. d'Alch\'{e}-Buc and E. Fox and R. Garnett}, pages={8024--8035}, year={2019}, publisher={Curran Associates, Inc.}, url={http://papers.neurips.cc/paper/9015-pytorch-an-imperative-style-high-performance-deep-learning-library.pdf} }
@incollection{petit2018handling, title={Handling missing annotations for semantic segmentation with deep convnets}, author={Petit, Olivier and Thome, Nicolas and Charnoz, Arnaud and Hostettler, Alexandre and Soler, Luc}, booktitle={Deep Learning in Medical Image Analysis and Multimodal Learning for Clinical Decision Support}, pages={20--28}, year={2018}, publisher={Springer}}
@incollection{ravishankar2016understanding, title={Understanding the mechanisms of deep transfer learning for medical images}, author={Ravishankar, Hariharan and Sudhakar, Prasad and Venkataramani, Rahul and Thiruvenkadam, Sheshadri and Annangi, Pavan and Babu, Narayanan and Vaidya, Vivek}, booktitle={Deep Learning and Data Labeling for Medical Applications}, pages={188--196}, year={2016}, publisher={Springer} }
@inproceedings{antony2016quantifying, title={Quantifying radiographic knee osteoarthritis severity using deep convolutional neural networks}, author={Antony, Joseph and McGuinness, Kevin and O'Connor, Noel E and Moran, Kieran}, booktitle={Pattern Recognition (ICPR), 2016 23rd International Conference on}, pages={1195--1200}, year={2016}, organization={IEEE} }
@inproceedings{babaie2017classification, title={Classification and retrieval of digital pathology scans: A new dataset}, author={Babaie, Morteza and Kalra, Shivam and Sriram, Aditya and Mitcheltree, Christopher and Zhu, Shujin and Khatami, Amin and Rahnamayan, Shahryar and Tizhoosh, Hamid R}, booktitle={Proceedings of the IEEE Conference on Computer Vision and Pattern Recognition Workshops}, pages={8--16}, year={2017} }
@inproceedings{babaie2019tissuefold, author="Babaie, Morteza and Tizhoosh, Hamid R.", editor="Reyes-Aldasoro, Constantino Carlos and Janowczyk, Andrew and Veta, Mitko and Bankhead, Peter and Sirinukunwattana, Korsuk", title="Deep Features for Tissue-Fold Detection in Histopathology Images", booktitle="Digital Pathology", year="2019", publisher="Springer International Publishing", address="Cham", pages="125--132", isbn="978-3-030-23937-4" }
@inproceedings{bai2017semi, title={Semi-supervised learning for network-based cardiac MR image segmentation}, author={Bai, Wenjia and Oktay, Ozan and Sinclair, Matthew and Suzuki, Hideaki and Rajchl, Martin and Tarroni, Giacomo and Glocker, Ben and King, Andrew and Matthews, Paul M and Rueckert, Daniel}, booktitle={International Conference on Medical Image Computing and Computer-Assisted Intervention}, pages={253--260}, year={2017}, organization={Springer}}
@inproceedings{bar2015chest, title={Chest pathology detection using deep learning with non-medical training}, author={Bar, Yaniv and Diamant, Idit and Wolf, Lior and Lieberman, Sivan and Konen, Eli and Greenspan, Hayit}, booktitle={Biomedical Imaging (ISBI), 2015 IEEE 12th International Symposium on}, pages={294--297}, year={2015}, organization={IEEE} }
@inproceedings{bay2006surf, title={Surf: Speeded up robust features}, author={Bay, Herbert and Tuytelaars, Tinne and Van Gool, Luc}, booktitle={European conference on computer vision}, pages={404--417}, year={2006}, organization={Springer}}
@inproceedings{bayramoglu2016deep, title={Deep learning for magnification independent breast cancer histopathology image classification}, author={Bayramoglu, Neslihan and Kannala, Juho and Heikkil{\"a}, Janne}, booktitle={2016 23rd International conference on pattern recognition (ICPR)}, pages={2440--2445}, year={2016}, organization={IEEE} }
@inproceedings{bayramoglu2016transfer, title={Transfer learning for cell nuclei classification in histopathology images}, author={Bayramoglu, Neslihan and Heikkil{\"a}, Janne}, booktitle={European Conference on Computer Vision}, pages={532--539}, year={2016}, organization={Springer} }
@inproceedings{blum1998combining, title={Combining labeled and unlabeled data with co-training}, author={Blum, Avrim and Mitchell, Tom}, booktitle={Proceedings of the eleventh annual conference on Computational learning theory}, pages={92--100}, year={1998}}
@inproceedings{bokhorst2018learning, title={Learning from sparsely annotated data for semantic segmentation in histopathology images}, author={Bokhorst, John-Melle and Pinckaers, Hans and van Zwam, Peter and Nagtegaal, Iris and van der Laak, Jeroen and Ciompi, Francesco}, booktitle={International Conference on Medical Imaging with Deep Learning--Full Paper Track}, year={2018}}
@inproceedings{boser1992training, title={A training algorithm for optimal margin classifiers}, author={Boser, Bernhard E and Guyon, Isabelle M and Vapnik, Vladimir N}, booktitle={Proceedings of the fifth annual workshop on Computational learning theory}, pages={144--152}, year={1992}}
@inproceedings{bussola2021ai, title={AI slipping on tiles: Data leakage in digital pathology}, author={Bussola, Nicole and Marcolini, Alessia and Maggio, Valerio and Jurman, Giuseppe and Furlanello, Cesare}, booktitle={International Conference on Pattern Recognition}, pages={167--182}, year={2021}, organization={Springer}}
@inproceedings{chang2019domain, title={Domain-Specific Batch Normalization for Unsupervised Domain Adaptation}, author={Chang, Woong-Gi and You, Tackgeun and Seo, Seonguk and Kwak, Suha and Han, Bohyung}, booktitle={Proceedings of the IEEE Conference on Computer Vision and Pattern Recognition}, pages={7354--7362}, year={2019} }
@inproceedings{chen2014joint, title={Joint cascade face detection and alignment}, author={Chen, Dong and Ren, Shaoqing and Wei, Yichen and Cao, Xudong and Sun, Jian}, booktitle={European Conference on Computer Vision}, pages={109--122}, year={2014}, organization={Springer} }
@inproceedings{chen2020simple, title={A simple framework for contrastive learning of visual representations}, author={Chen, Ting and Kornblith, Simon and Norouzi, Mohammad and Hinton, Geoffrey}, booktitle={International conference on machine learning}, pages={1597--1607}, year={2020}, organization={PMLR}}
@inproceedings{collobert2008unified, title={A unified architecture for natural language processing: Deep neural networks with multitask learning}, author={Collobert, Ronan and Weston, Jason}, booktitle={Proceedings of the 25th international conference on Machine learning}, pages={160--167}, year={2008}, organization={ACM} }
@inproceedings{deng2009imagenet, title={Imagenet: A large-scale hierarchical image database}, author={Deng, Jia and Dong, Wei and Socher, Richard and Li, Li-Jia and Li, Kai and Fei-Fei, Li}, booktitle={Computer Vision and Pattern Recognition, 2009. CVPR 2009. IEEE Conference on}, pages={248--255}, year={2009}, organization={IEEE} }
@inproceedings{donahue2014decaf, title={Decaf: A deep convolutional activation feature for generic visual recognition}, author={Donahue, Jeff and Jia, Yangqing and Vinyals, Oriol and Hoffman, Judy and Zhang, Ning and Tzeng, Eric and Darrell, Trevor}, booktitle={International conference on machine learning}, pages={647--655}, year={2014} }
@inproceedings{gamper2019pannuke, title={PanNuke: An Open Pan-Cancer Histology Dataset for Nuclei Instance Segmentation and Classification}, author={Gamper, Jevgenij and Koohbanani, Navid Alemi and Benet, Ksenija and Khuram, Ali and Rajpoot, Nasir}, booktitle={European Congress on Digital Pathology}, pages={11--19}, year={2019}, organization={Springer} }
@inproceedings{graham2021lizard, title={Lizard: A Large-Scale Dataset for Colonic Nuclear Instance Segmentation and Classification}, author={Graham, Simon and Jahanifar, Mostafa and Azam, Ayesha and Nimir, Mohammed and Tsang, Yee-Wah and Dodd, Katherine and Hero, Emily and Sahota, Harvir and Tank, Atisha and Benes, Ksenija and others}, booktitle={Proceedings of the IEEE/CVF International Conference on Computer Vision}, pages={684--693}, year={2021}}
@inproceedings{han2021multilayer, title={Multi-Layer Pseudo-Supervision for Histopathology Tissue Semantic Segmentation using Patch-level Classification Labels}, author={Chu Han and Jiatai Lin and Jinhai Mai and Yi Wang and Qingling Zhang and Bingchao Zhao and Xin Chen and Xipeng Pan and Zhenwei Shi and Xiaowei Xu and Su Yao and Lixu Yan and Huan Lin and Zeyan Xu and Xiaomei Huang and Guoqiang Han and Changhong Liang and Zaiyi Liu}, year={2021}, eprint={2110.08048}, archivePrefix={arXiv}}
@inproceedings{haridas2015interactive, title={Interactive segmentation relabeling for classification of whole-slide histopathology imagery}, author={Haridas, Anoop and Bunyak, Filiz and Palaniappan, Kannappan}, booktitle={2015 IEEE 28th International Symposium on Computer-Based Medical Systems}, pages={84--87}, year={2015}, organization={IEEE}}
@inproceedings{he2016deep, title={Deep residual learning for image recognition}, author={He, Kaiming and Zhang, Xiangyu and Ren, Shaoqing and Sun, Jian}, booktitle={Proceedings of the IEEE conference on computer vision and pattern recognition}, pages={770--778}, year={2016} }
@inproceedings{he2019rethinking, title={Rethinking imagenet pre-training}, author={He, Kaiming and Girshick, Ross and Doll{\'a}r, Piotr}, booktitle={Proceedings of the IEEE International Conference on Computer Vision}, pages={4918--4927}, year={2019} }
@inproceedings{hou2016automatic, title={Automatic histopathology image analysis with CNNs}, author={Hou, Le and Singh, Kunal and Samaras, Dimitris and Kurc, Tahsin M and Gao, Yi and Seidman, Roberta J and Saltz, Joel H}, booktitle={Scientific Data Summit (NYSDS), 2016 New York}, pages={1--6}, year={2016}, organization={IEEE} }
@inproceedings{huang2017densely, title={Densely connected convolutional networks}, author={Huang, Gao and Liu, Zhuang and Weinberger, Kilian Q and van der Maaten, Laurens}, booktitle={IEEE Conference on Computer Vision and Pattern Recognition, CVPR2017}, pages={2261-2269}, year={2017} }
@inproceedings{ioffe2015batch, title={Batch Normalization: Accelerating Deep Network Training by Reducing Internal Covariate Shift}, author={Ioffe, Sergey and Szegedy, Christian}, booktitle={International Conference on Machine Learning, ICML2015}, volume={37}, pages={448--456}, year={2015} }
@inproceedings{khan2019improving, title={Improving Prostate Cancer Detection with Breast Histopathology Images}, author={Khan, Umair Akhtar Hasan and St{\"u}renberg, Carolin and Gencoglu, Oguzhan and Sandeman, Kevin and Heikkinen, Timo and Rannikko, Antti and Mirtti, Tuomas}, booktitle={European Congress on Digital Pathology}, pages={91--99}, year={2019}, organization={Springer} }
@inproceedings{kim2016deep, title={A deep semantic mobile application for thyroid cytopathology}, author={Kim, Edward and Corte-Real, Miguel and Baloch, Zubair}, booktitle={Medical Imaging 2016: PACS and Imaging Informatics: Next Generation and Innovations}, volume={9789}, pages={97890A}, year={2016}, organization={International Society for Optics and Photonics} }
@inproceedings{kokkinos2017ubernet, title={Ubernet: Training a universal convolutional neural network for low-, mid-, and high-level vision using diverse datasets and limited memory}, author={Kokkinos, Iasonas}, booktitle={Proceedings of the IEEE Conference on Computer Vision and Pattern Recognition}, pages={6129--6138}, year={2017} }
@inproceedings{kornblith2019better, title={Do better imagenet models transfer better?}, author={Kornblith, Simon and Shlens, Jonathon and Le, Quoc V}, booktitle={Proceedings of the IEEE conference on computer vision and pattern recognition}, pages={2661--2671}, year={2019} }
@inproceedings{krizhevsky2012imagenet, title={Imagenet classification with deep convolutional neural networks}, author={Krizhevsky, Alex and Sutskever, Ilya and Hinton, Geoffrey E}, booktitle={Advances in neural information processing systems}, pages={1097--1105}, year={2012} }
@inproceedings{lee2013pseudo, title={Pseudo-label: The simple and efficient semi-supervised learning method for deep neural networks}, author={Lee, Dong-Hyun and others}, booktitle={Workshop on challenges in representation learning, ICML}, volume={3}, number={2}, pages={896}, year={2013}}
@inproceedings{li2019signet, title={Signet ring cell detection with a semi-supervised learning framework}, author={Li, Jiahui and Yang, Shuang and Huang, Xiaodi and Da, Qian and Yang, Xiaoqun and Hu, Zhiqiang and Duan, Qi and Wang, Chaofu and Li, Hongsheng}, booktitle={International conference on information processing in medical imaging}, pages={842--854}, year={2019}, organization={Springer}}
@inproceedings{lin2014microsoft, title={Microsoft coco: Common objects in context}, author={Lin, Tsung-Yi and Maire, Michael and Belongie, Serge and Hays, James and Perona, Pietro and Ramanan, Deva and Doll{\'a}r, Piotr and Zitnick, C Lawrence}, booktitle={European conference on computer vision}, pages={740--755}, year={2014}, organization={Springer}}
@inproceedings{liu2015representation,   title="Representation Learning Using Multi-Task Deep Neural Networks for Semantic Classification and Information Retrieval",   author="Liu, Xiaodong  and     Gao, Jianfeng  and     He, Xiaodong  and     Deng, Li  and     Duh, Kevin  and     Wang, Ye-yi",   booktitle="Proceedings of the 2015 Conference of the North {A}merican Chapter of the Association for Computational Linguistics: Human Language Technologies",   month=may # "{--}" # jun,   year="2015",   address="Denver, Colorado",   publisher="Association for Computational Linguistics",   pages="912--921", }
@inproceedings{maree2016approach, title={An approach for detection of glomeruli in multisite digital pathology}, author={Mar{\'e}e, Rapha{\"e}l and Dallongeville, Stephane and Olivo-Marin, J-C and Meas-Yedid, Vannary}, booktitle={Biomedical Imaging (ISBI), 2016 IEEE 13th International Symposium on}, pages={1033--1036}, year={2016}, organization={IEEE} }
@inproceedings{medela2019few, title={Few Shot Learning in Histopathological Images: Reducing the Need of Labeled Data on Biological Datasets}, author={Medela, Alfonso and Picon, Artzai and Saratxaga, Cristina L and Belar, Oihana and Cabez{\'o}n, Virginia and Cicchi, Riccardo and Bilbao, Roberto and Glover, Ben}, booktitle={2019 IEEE 16th International Symposium on Biomedical Imaging (ISBI 2019)}, pages={1860--1864}, year={2019}, organization={IEEE} }
@inproceedings{misra2016cross, title={Cross-stitch networks for multi-task learning}, author={Misra, Ishan and Shrivastava, Abhinav and Gupta, Abhinav and Hebert, Martial}, booktitle={Proceedings of the IEEE Conference on Computer Vision and Pattern Recognition}, pages={3994--4003}, year={2016} }
@inproceedings{mormont2018comparison, title={Comparison of deep transfer learning strategies for digital pathology}, author={Mormont, Romain and Geurts, Pierre and Mar{\'e}e, Rapha{\"e}l}, booktitle={Proceedings of the IEEE Conference on Computer Vision and Pattern Recognition Workshops}, pages={2262--2271}, year={2018} }
@inproceedings{nigam2000analyzing, title={Analyzing the effectiveness and applicability of co-training}, author={Nigam, Kamal and Ghani, Rayid}, booktitle={Proceedings of the ninth international conference on Information and knowledge management}, pages={86--93}, year={2000}}
@inproceedings{pan2018multi, title={Multi-task Deep Learning for Fine-Grained Classification/Grading in Breast Cancer Histopathological Images}, author={Pan, Xipeng and Li, Lingqiao and Yang, Huihua and Liu, Zhenbing and He, Yubei and Li, Zhongming and Fan, Yongxian and Cao, Zhiwei and Zhang, Longhao}, booktitle={International Symposium on Artificial Intelligence and Robotics}, pages={85--95}, year={2018}, organization={Springer} }
@inproceedings{pham2021meta, title={Meta pseudo labels}, author={Pham, Hieu and Dai, Zihang and Xie, Qizhe and Le, Quoc V}, booktitle={Proceedings of the IEEE/CVF Conference on Computer Vision and Pattern Recognition}, pages={11557--11568}, year={2021}}
@inproceedings{razavian2014cnn, title={CNN features off-the-shelf: an astounding baseline for recognition}, author={Razavian, Ali Sharif and Azizpour, Hossein and Sullivan, Josephine and Carlsson, Stefan}, booktitle={Computer Vision and Pattern Recognition Workshops (CVPRW), 2014 IEEE Conference on}, pages={512--519}, year={2014}, organization={IEEE} }
@inproceedings{ronneberger2015unet, title={U-net: Convolutional networks for biomedical image segmentation}, author={Ronneberger, Olaf and Fischer, Philipp and Brox, Thomas}, booktitle={International Conference on Medical image computing and computer-assisted intervention}, pages={234--241}, year={2015}, organization={Springer}}
@inproceedings{rublee2011orb, title={ORB: An efficient alternative to SIFT or SURF}, author={Rublee, Ethan and Rabaud, Vincent and Konolige, Kurt and Bradski, Gary}, booktitle={2011 International conference on computer vision}, pages={2564--2571}, year={2011}, organization={Ieee}}
@inproceedings{sabatelli2018deep, title={Deep transfer learning for art classification problems}, author={Sabatelli, Matthia and Kestemont, Mike and Daelemans, Walter and Geurts, Pierre}, booktitle={Proceedings of the European Conference on Computer Vision (ECCV)}, pages={0--0}, year={2018} }
@inproceedings{sermanet2013overfeat, title={OverFeat: Integrated recognition, localization and detection using convolutional networks}, author={Sermanet, Pierre and Eigen, David and Zhang, Xiang and Mathieu, Micha{\"e}l and Fergus, Rob and LeCun, Yann}, booktitle={International Conference on Learning Representations (ICLR2014), CBLS}, year={2014} }
@inproceedings{shang2019and, title={What And How Other Datasets Can Be Leveraged For Medical Imaging Classification}, author={Shang, Hong and Sun, Zhongqian and Fu, Xinghui and Zhang, Zijian and Yang, Wei}, booktitle={2019 IEEE 16th International Symposium on Biomedical Imaging (ISBI 2019)}, pages={814--818}, year={2019}, organization={IEEE} }
@inproceedings{sharif2014cnn, title={CNN features off-the-shelf: an astounding baseline for recognition}, author={Sharif Razavian, Ali and Azizpour, Hossein and Sullivan, Josephine and Carlsson, Stefan}, booktitle={Proceedings of the IEEE conference on computer vision and pattern recognition workshops}, pages={806--813}, year={2014} }
@inproceedings{song2017supervised, title={Supervised intra-embedding of fisher vectors for histopathology image classification}, author={Song, Yang and Chang, Hang and Huang, Heng and Cai, Weidong}, booktitle={International Conference on Medical Image Computing and Computer-Assisted Intervention}, pages={99--106}, year={2017}, organization={Springer} }
@inproceedings{spanhol2017deep, title={Deep features for breast cancer histopathological image classification}, author={Spanhol, Fabio A and Oliveira, Luiz S and Cavalin, Paulo R and Petitjean, Caroline and Heutte, Laurent}, booktitle={2017 IEEE International Conference on Systems, Man, and Cybernetics (SMC)}, pages={1868--1873}, year={2017}, organization={IEEE} }
@inproceedings{strezoski2019many, title={Many Task Learning With Task Routing}, author={Gjorgji Strezoski and Nanne van Noord and Marcel Worring}, booktitle={IEEE/CVF International Conference on Computer Vision (ICCV2019)}, year={2019}, pages={1375-1384} }
@inproceedings{su2019local, title={Local and global consistency regularized mean teacher for semi-supervised nuclei classification}, author={Su, Hai and Shi, Xiaoshuang and Cai, Jinzheng and Yang, Lin}, booktitle={International Conference on Medical Image Computing and Computer-Assisted Intervention}, pages={559--567}, year={2019}, organization={Springer}}
@inproceedings{szegedy2015going, title={Going deeper with convolutions}, author={Szegedy, Christian and Liu, Wei and Jia, Yangqing and Sermanet, Pierre and Reed, Scott and Anguelov, Dragomir and Erhan, Dumitru and Vanhoucke, Vincent and Rabinovich, Andrew and others}, year={2015}, organization={Cvpr} }
@inproceedings{szegedy2016rethinking, title={Rethinking the inception architecture for computer vision}, author={Szegedy, Christian and Vanhoucke, Vincent and Ioffe, Sergey and Shlens, Jon and Wojna, Zbigniew}, booktitle={Proceedings of the IEEE Conference on Computer Vision and Pattern Recognition}, pages={2818--2826}, year={2016} }
@inproceedings{szegedy2017inception, title={Inception-v4, inception-resnet and the impact of residual connections on learning.}, author={Szegedy, Christian and Ioffe, Sergey and Vanhoucke, Vincent and Alemi, Alexander A}, booktitle={31st AAAI Conference on Artificial Intelligence, AAAI 2017}, pages={4278--4284}, year={2017} }
@inproceedings{tan2018survey, author="Tan, Chuanqi and Sun, Fuchun and Kong, Tao and Zhang, Wenchang and Yang, Chao and Liu, Chunfang", editor="K{\r{u}}rkov{\'a}, V{\v{e}}ra and Manolopoulos, Yannis and Hammer, Barbara and Iliadis, Lazaros and Maglogiannis, Ilias", title="A Survey on Deep Transfer Learning", booktitle="Artificial Neural Networks and Machine Learning -- ICANN 2018", year="2018", publisher="Springer International Publishing", address="Cham", pages="270--279", abstract="As a new classification platform, deep learning has recently received increasing attention from researchers and has been successfully applied to many domains. In some domains, like bioinformatics and robotics, it is very difficult to construct a large-scale well-annotated dataset due to the expense of data acquisition and costly annotation, which limits its development. Transfer learning relaxes the hypothesis that the training data must be independent and identically distributed (i.i.d.) with the test data, which motivates us to use transfer learning to solve the problem of insufficient training data. This survey focuses on reviewing the current researches of transfer learning by using deep neural network and its applications. We defined deep transfer learning, category and review the recent research works based on the techniques used in deep transfer learning.", isbn="978-3-030-01424-7" }
@inproceedings{van2015off, title={Off-the-shelf convolutional neural network features for pulmonary nodule detection in computed tomography scans}, author={van Ginneken, Bram and Setio, Arnaud AA and Jacobs, Colin and Ciompi, Francesco}, booktitle={Biomedical Imaging (ISBI), 2015 IEEE 12th International Symposium on}, pages={286--289}, year={2015}, organization={IEEE} }
@inproceedings{vapnik1992principles, title={Principles of risk minimization for learning theory}, author={Vapnik, Vladimir}, booktitle={Advances in neural information processing systems}, pages={831--838}, year={1992}}
@inproceedings{wang2019pay, title={Pay attention to features, transfer learn faster CNNs}, author={Wang, Kafeng and Gao, Xitong and Zhao, Yiren and Li, Xingjian and Dou, Dejing and Xu, Cheng-Zhong}, booktitle={International Conference on Learning Representations}, year={2019}}
@inproceedings{xie2020self, title={Self-training with noisy student improves imagenet classification}, author={Xie, Qizhe and Luong, Minh-Thang and Hovy, Eduard and Le, Quoc V}, booktitle={Proceedings of the IEEE/CVF conference on computer vision and pattern recognition}, pages={10687--10698}, year={2020}}
@inproceedings{yarowsky1995unsupervised, title={Unsupervised word sense disambiguation rivaling supervised methods}, author={Yarowsky, David}, booktitle={33rd annual meeting of the association for computational linguistics}, pages={189--196}, year={1995}}
@inproceedings{yosinski2014transferable, title={How transferable are features in deep neural networks?}, author={Yosinski, Jason and Clune, Jeff and Bengio, Yoshua and Lipson, Hod}, booktitle={Advances in neural information processing systems}, pages={3320--3328}, year={2014} }
@inproceedings{zamir2018taskonomy, title={Taskonomy: Disentangling task transfer learning}, author={Zamir, Amir R and Sax, Alexander and Shen, William and Guibas, Leonidas J and Malik, Jitendra and Savarese, Silvio}, booktitle={Proceedings of the IEEE Conference on Computer Vision and Pattern Recognition}, pages={3712--3722}, year={2018} }
@inproceedings{zeiler2014visualizing, title={Visualizing and understanding convolutional networks}, author={Zeiler, Matthew D and Fergus, Rob}, booktitle={European conference on computer vision}, pages={818--833}, year={2014}, organization={Springer} }
@inproceedings{zhang2014facial, title={Facial landmark detection by deep multi-task learning}, author={Zhang, Zhanpeng and Luo, Ping and Loy, Chen Change and Tang, Xiaoou}, booktitle={European conference on computer vision}, pages={94--108}, year={2014}, organization={Springer} }
@inproceedings{zhang2016deep, author={Zhang, Wenlu and Li, Rongjian and Zeng, Tao and Sun, Qian and Kumar, Sudhir and Ye, Jieping and Ji, Shuiwang}, title={Deep Model Based Transfer and Multi-Task Learning for Biological Image Analysis}, year={2015}, isbn={9781450336642}, publisher={Association for Computing Machinery}, address={New York, NY, USA}, url={https://doi.org/10.1145/2783258.2783304}, doi={10.1145/2783258.2783304}, booktitle={Proceedings of the 21th ACM SIGKDD International Conference on Knowledge Discovery and Data Mining}, pages={1475–1484}, numpages={10}, keywords={multi-task learning, image analysis, bioinformatics, transfer learning, deep learning}, location={Sydney, NSW, Australia}, series={KDD ’15} }
@inproceedings{zhu2012face, title={Face detection, pose estimation, and landmark localization in the wild}, author={Zhu, Xiangxin and Ramanan, Deva}, booktitle={2012 IEEE conference on computer vision and pattern recognition}, pages={2879--2886}, year={2012}, organization={IEEE} }
@misc{chollet2015keras, title={Keras}, author={Chollet, Fran\c{c}ois and others}, year={2015}, publisher={GitHub}, howpublished={\url{https://github.com/keras-team/keras}}, }
@misc{doolan2019whatisdp, title={What is digital pathology?}, url={https://www.leicabiosystems.com/knowledge-pathway/what-is-digital-pathology/}, journal={Leica Biosystems}, author={Doolan, Colin and Colgan, Olga and Heffner, Sherri}, year={2019}, month={1}} 
@misc{grandchallenge, title={Grand Challenge}, url={https://grand-challenge.org/}, journal={Grand Challenge}, note={[Online; accessed Feb 09, 2022]}} 
@misc{img:cassetteparrafin, author={{biochain.com}}, title={FFPE Tissue Samples Stored on Cassettes}, year={2021}, note={[Online; accessed Dec 29, 2021]}, url={https://www.biochain.com/wp-content/uploads/2017/08/ffpe-tissue-sample-500x333.jpg}, urldate={2021-12-29}}
@misc{img:glassslides, author={{clinicallabmanager.com}}, title={Picture of microscope slides}, year={2021}, note={[Online; accessed Dec 21, 2021]}, url={https://cdn.clinicallabmanager.com/assets/articleNo/24866/aImg/46099/a-photo-of-a-lab-technician-wearing-ppe-holding-glass-tissue-histology-slides-m.webp}, urldate={2021-12-21}}
@misc{img:vgg1619, author={{datahacker.rs}}, title={Schema of VGG16 and VGG19}, year={2018}, note={[Online; accessed Dec 14, 2021]}, url={https://media5.datahacker.rs/2018/11/vgg-ispravljeno-.png}, urldate={2021-12-14}}
@misc{lecun2021self, title={Self-supervised Learning: The Dark Matter of Intelligence}, author={LeCun, Y and Misra, I}, year={2021}}
@misc{mcconnell1986method, title={Method of and apparatus for pattern recognition}, author={McConnell, Robert K}, year={1986}, month={1}, day={28}, publisher={Google Patents}, note={US Patent 4,567,610}}
@misc{moulin2021imi, title={IMI—Bigpicture: A Central Repository for Digital Pathology}, author={Moulin, Pierre and Gr{\"u}nberg, Katrien and Barale-Thomas, Erio and der Laak, Jeroen van}, journal={Toxicologic pathology}, volume={49}, number={4}, pages={711--713}, year={2021}, publisher={SAGE Publications Sage CA: Los Angeles, CA}}
@misc{yalniz2019billion, title={Billion-scale semi-supervised learning for state-of-the-art image and video classification}, author={Yalniz, I Zeki and J{\'e}gou, Herv{\'e}}, year={2019}}
@online{cpg2022asap, author={Computation Pathology Group, Radboud University Medical Center}, title={Automated Slide Analysis Platform (ASAP)}, year=2022, url={https://computationalpathologygroup.github.io/ASAP/}, urldate={2022-04-15} }
@online{kahl2022microtome, author={Stephan Kahl}, title={Picture of a microtome}, year=2022, url={https://img.medicalexpo.fr/images_me/photo-g/77312-15443467.jpg}, urldate={2022-04-15} }
@online{roychowdhury2022bloomrichardson, author={Roychowdhury, Monika}, title={Breast cancer histologic grading}, note={[Online; accessed on Apr 22, 2022]}, year="2022", urldate={2022-04-22}, url="https://www.pathologyoutlines.com/topic/breastmalignanthistologic.html"}
@online{reisenbichler2022tmnstagingbreast, author={Reisenbichler, Emily S and Zynger, Debra L}, title={Breast, general, staging}, note={[Online; accessed on Apr 25, 2022]}, year="2022", urldate={2022-04-25}, url="https://www.pathologyoutlines.com/topic/breastmalignantstaging.html"}
@article{weaver2010pathology, title={Pathology evaluation of sentinel lymph nodes in breast cancer: protocol recommendations and rationale}, author={Weaver, Donald L}, journal={Modern Pathology}, volume={23}, number={2}, pages={S26--S32}, year={2010}, publisher={Nature Publishing Group}}
@article{yeung2008management, title={Management of the solitary thyroid nodule}, author={Yeung, Meei J and Serpell, Jonathan W}, journal={The oncologist}, volume={13}, number={2}, pages={105--112}, year={2008}, publisher={Oxford University Press}}
@article{arena2014intranuclear, title={Intranuclear cytoplasmic inclusions in cytologically suspicious or malignant thyroid nodules: identification and correlation with echogenicity and size of the nodules}, author={Arena, Salvatore and Latina, Adele and Stornello, Michele and Saraceno, Giovanna and Benvenga, Salvatore}, journal={Endocrine}, volume={46}, number={1}, pages={114--122}, year={2014}, publisher={Springer}}
@article{kezlarian2021artificial, title={Artificial intelligence in thyroid fine needle aspiration biopsies}, author={Kezlarian, Brie and Lin, Oscar}, journal={Acta Cytologica}, volume={65}, number={4}, pages={324--329}, year={2021}, publisher={Karger Publishers}}
@article{karakitsos1999learning, title={Learning vector quantizer in the investigation of thyroid lesions}, author={Karakitsos, Petros and Cochand-Priollet, Beatrix and Pouliakis, Abraham and Guillausseau, PJ and Ioakim-Liossi, A}, journal={Analytical and Quantitative Cytology and Histology}, volume={21}, number={3}, pages={201--208}, year={1999}, publisher={St. Louis, MO: Science Printers and Publishers, 1985-}}